<?xml version="1.0" encoding="UTF-8"?><collection xmlns="http://www.loc.gov/MARC21/slim"><record><leader>00306nam--2200133-i-4500</leader><controlfield tag="001">000025182</controlfield><controlfield tag="002">20161230</controlfield><controlfield tag="005">20161230201035</controlfield><controlfield tag="008">060222s1000------------r-----000-0-eng-d</controlfield><datafield ind1=" " ind2=" " tag="080"><subfield code="a">669.15</subfield></datafield><datafield ind1=" " ind2=" " tag="100"><subfield code="a">Brearley Harry</subfield></datafield><datafield ind1=" " ind2=" " tag="245"><subfield code="a">Talk about steelmaking</subfield></datafield><datafield ind1=" " ind2=" " tag="260"><subfield code="a">Cleveland Ohio, 1946 236 P</subfield></datafield><datafield ind1=" " ind2=" " tag="852"><subfield code="a">5131</subfield></datafield></record></collection>